<record><leader>00000cas a22000007a 4500</leader><controlfield tag="001">14575427</controlfield><controlfield tag="008">861030d18891895iaudr ne      0    0eng d</controlfield><controlfield tag="009">5087</controlfield><datafield ind1=" " ind2=" " tag="010"><subfield code="a">sn 86061168 </subfield></datafield><datafield ind1=" " ind2=" " tag="040"><subfield code="a">INP</subfield><subfield code="b">eng</subfield><subfield code="c">INP</subfield><subfield code="d">DLC</subfield><subfield code="d">INP</subfield></datafield><datafield ind1="1" ind2=" " tag="029"><subfield code="a">AU@</subfield><subfield code="b">000025811550</subfield></datafield><datafield ind1=" " ind2=" " tag="042"><subfield code="a">msc</subfield></datafield><datafield ind1="0" ind2="0" tag="050"><subfield code="a">Newspaper</subfield></datafield><datafield ind1="0" ind2=" " tag="130"><subfield code="a">Dubuque times (Dubuque, Iowa : 1889)</subfield></datafield><datafield ind1="0" ind2="4" tag="245"><subfield code="a">The Dubuque times.</subfield></datafield><datafield ind1="0" ind2="0" tag="246"><subfield code="a">Evening times</subfield></datafield><datafield ind1="0" ind2="7" tag="246"><subfield code="a">Dubuque daily times</subfield><subfield code="f">Aug. 2, 1894-May 22, 1895</subfield></datafield><datafield ind1="0" ind2="7" tag="246"><subfield code="a">Daily times</subfield><subfield code="f">Oct. 11, 1889-Aug. 1, 1894</subfield></datafield><datafield ind1=" " ind2=" " tag="260"><subfield code="a">Dubuque, Iowa :</subfield><subfield code="b">Times Co.,</subfield><subfield code="c">1889-1895.</subfield></datafield><datafield ind1=" " ind2=" " tag="300"><subfield code="a">7 v. :</subfield><subfield code="b">ill. (chiefly advertisements) ;</subfield><subfield code="c">65 cm.</subfield></datafield><datafield ind1=" " ind2=" " tag="310"><subfield code="a">Daily,</subfield><subfield code="b">Jan. 2, 1892-May 22, 1895</subfield></datafield><datafield ind1=" " ind2=" " tag="321"><subfield code="a">Daily (except Mon.)</subfield><subfield code="b">Oct. 11, 1889-Dec. 31, 1891</subfield></datafield><datafield ind1="0" ind2=" " tag="362"><subfield code="a">Oct. 11, 1889-May 22, 1895.</subfield></datafield><datafield ind1=" " ind2=" " tag="500"><subfield code="a">Evening edition sometimes called: Evening times.</subfield></datafield><datafield ind1=" " ind2=" " tag="500"><subfield code="a">Two editions daily, Jan. 2, 1892-May 22, 1895.</subfield></datafield><datafield ind1=" " ind2=" " tag="500"><subfield code="a">"Official paper of the city."</subfield></datafield><datafield ind1=" " ind2=" " tag="500"><subfield code="a">"Republican."</subfield></datafield><datafield ind1=" " ind2=" " tag="530"><subfield code="a">Also available on microfilm from Bell &amp; Howell Co., Micro Photo Division.</subfield></datafield><datafield ind1=" " ind2=" " tag="752"><subfield code="a">United States</subfield><subfield code="b">Iowa</subfield><subfield code="c">Dubuque</subfield><subfield code="d">Dubuque.</subfield></datafield><datafield ind1="0" ind2=" " tag="775"><subfield code="t">Weekly times (Dubuque, Iowa : 1891)</subfield><subfield code="w">(DLC)sn 86061162</subfield></datafield><datafield ind1="0" ind2=" " tag="775"><subfield code="t">Dubuque weekly times (Dubuque, Iowa : 1894)</subfield><subfield code="w">(DLC)sn 86061159</subfield></datafield><datafield ind1="0" ind2="0" tag="780"><subfield code="t">Dubuque daily times (Dubuque, Iowa : 1885)</subfield><subfield code="w">(DLC)sn 86061167</subfield></datafield><datafield ind1="0" ind2="0" tag="785"><subfield code="t">Dubuque daily times (Dubuque, Iowa : 1895)</subfield><subfield code="w">(DLC)sn 86061158</subfield></datafield></record>